<record><leader>00000cas a22000007a 4500</leader><controlfield tag="001">11175227</controlfield><controlfield tag="008">840920c19769999scuwr ne      0   a0eng d</controlfield><datafield ind1=" " ind2=" " tag="010"><subfield code="a">sn 84007022 </subfield></datafield><datafield ind1=" " ind2=" " tag="040"><subfield code="a">NSD</subfield><subfield code="b">eng</subfield><subfield code="c">NSD</subfield><subfield code="d">SVN</subfield><subfield code="d">OCLCQ</subfield></datafield><datafield ind1=" " ind2=" " tag="012"><subfield code="m">1</subfield></datafield><datafield ind1="1" ind2=" " tag="022"><subfield code="a">8750-2445</subfield><subfield code="l">8750-2445</subfield><subfield code="2">1</subfield></datafield><datafield ind1=" " ind2=" " tag="032"><subfield code="a">306630</subfield><subfield code="b">USPS</subfield></datafield><datafield ind1=" " ind2=" " tag="037"><subfield code="b">The Chapin Times, P.O. Box 268, Beaufort St., Chapin, SC 29036</subfield></datafield><datafield ind1=" " ind2=" " tag="042"><subfield code="a">nsdp</subfield></datafield><datafield ind1=" " ind2="4" tag="222"><subfield code="a">The Chapin times</subfield></datafield><datafield ind1="0" ind2="4" tag="245"><subfield code="a">The Chapin times.</subfield></datafield><datafield ind1=" " ind2=" " tag="260"><subfield code="a">Chapin, S.C. :</subfield><subfield code="b">Bruner Pub. Co.</subfield></datafield><datafield ind1=" " ind2=" " tag="310"><subfield code="a">Weekly</subfield></datafield><datafield ind1="1" ind2=" " tag="362"><subfield code="a">Began in 1976.</subfield></datafield><datafield ind1=" " ind2=" " tag="588"><subfield code="a">Description based on: Vol. 1, no. 6 (Mar. 22, 1976).</subfield></datafield><datafield ind1=" " ind2="4" tag="651"><subfield code="a">Lexington County (S.C.)</subfield><subfield code="v">Newspapers.</subfield></datafield><datafield ind1=" " ind2=" " tag="752"><subfield code="a">United States</subfield><subfield code="b">South Carolina</subfield><subfield code="c">Lexington</subfield><subfield code="d">Chapin.</subfield></datafield><datafield ind1=" " ind2=" " tag="936"><subfield code="a">Aug. 29, 1984</subfield></datafield><datafield ind1="1" ind2=" " tag="029"><subfield code="a">AU@</subfield><subfield code="b">000020337831</subfield></datafield></record>